@book{Sutton2018,
    added-at = {2019-07-13T10:11:53.000+0200},
    author = {Sutton, Richard S. and Barto, Andrew G.},
    biburl = {https://www.bibsonomy.org/bibtex/2f46601cf8b13d39d1378af0d79438b12/lanteunis},
    edition = {Second},
    interhash = {ac6b144aaec1819919a2fba9f705c852},
    intrahash = {f46601cf8b13d39d1378af0d79438b12},
    keywords = {},
    publisher = {The MIT Press},
    timestamp = {2019-07-13T10:11:53.000+0200},
    title = {Reinforcement Learning: An Introduction},
    url = {http://incompleteideas.net/book/the-book-2nd.html},
    year = {2018 }
}

@book{UnityRL,
    author = {Majumder, Abhilash},
    year = {2021},
    month = {01},
    pages = {},
    title = {Deep Reinforcement Learning in Unity: With Unity ML Toolkit},
    isbn = {978-1-4842-6502-4},
    doi = {10.1007/978-1-4842-6503-1}
}


@book{kubat2015introduction,
    author = {Kubat, M.},
    isbn = {9783319200095},
    lccn = {2015941486},
    publisher = {Springer International Publishing},
    title = {An Introduction to Machine Learning},
    url = {https://books.google.com.ar/books?id=5dWCrgEACAAJ},
    year = {2015},
    bdsk-url-1 = {https://books.google.com.ar/books?id=5dWCrgEACAAJ}
}
